
@Article{Elmegreen:2015,
title="{Optimizing the U.S. Ground-Based Optical and Infrared Astronomy System}",
author={Elmegreen, D., et al.},
journal={The National Academies Press},
url={http://www.nap.edu/catalog/21722/optimizing-the-us-ground-based-optical-and-infrared-astronomy-system},
year =2015
}
%{Committee on a Strategy to Optimize the U.S. Optical and Infrared System in the Era of the Large Synoptic Survey Telescope (LSST); Board on Physics and Astronomy; Division on Engineering and Physical Sciences; National Research Council }},

@INPROCEEDINGS{2014SPIE.9149E..0BJ,
   author = {{Jones}, R.~L. and {Yoachim}, P. and {Chandrasekharan}, S. and 
	{Connolly}, A.~J. and {Cook}, K.~H. and {Ivezic}, {\v Z}. and 
	{Krughoff}, K.~S. and {Petry}, C. and {Ridgway}, S.~T.},
    title = "{The LSST metrics analysis framework (MAF)}",
booktitle = {Society of Photo-Optical Instrumentation Engineers (SPIE) Conference Series},
     year = 2014,
   series = {Society of Photo-Optical Instrumentation Engineers (SPIE) Conference Series},
   volume = 9149,
    month = jul,
      eid = {91490B},
    pages = {0},
      doi = {10.1117/12.2056835},
   adsurl = {http://adsabs.harvard.edu/abs/2014SPIE.9149E..0BJ},
  adsnote = {Provided by the SAO/NASA Astrophysics Data System}
}


@ARTICLE{2015A&C....10..121R,
   author = {{Rowe}, B.~T.~P. and {Jarvis}, M. and {Mandelbaum}, R. and {Bernstein}, G.~M. and 
	{Bosch}, J. and {Simet}, M. and {Meyers}, J.~E. and {Kacprzak}, T. and 
	{Nakajima}, R. and {Zuntz}, J. and {Miyatake}, H. and {Dietrich}, J.~P. and 
	{Armstrong}, R. and {Melchior}, P. and {Gill}, M.~S.~S.},
    title = "{GALSIM: The modular galaxy image simulation toolkit}",
  journal = {Astronomy and Computing},
archivePrefix = "arXiv",
   eprint = {1407.7676},
 primaryClass = "astro-ph.IM",
 keywords = {Methods: data analysis, Techniques: image processing, Gravitational lensing, Cosmology: observations},
     year = 2015,
    month = apr,
   volume = 10,
    pages = {121-150},
      doi = {10.1016/j.ascom.2015.02.002},
   adsurl = {http://adsabs.harvard.edu/abs/2015A%26C....10..121R},
  adsnote = {Provided by the SAO/NASA Astrophysics Data System}
}


@ARTICLE{2015ApJS..218...14P,
   author = {{Peterson}, J.~R. and {Jernigan}, J.~G. and {Kahn}, S.~M. and 
	{Rasmussen}, A.~P. and {Peng}, E. and {Ahmad}, Z. and {Bankert}, J. and 
	{Chang}, C. and {Claver}, C. and {Gilmore}, D.~K. and {Grace}, E. and 
	{Hannel}, M. and {Hodge}, M. and {Lorenz}, S. and {Lupu}, A. and 
	{Meert}, A. and {Nagarajan}, S. and {Todd}, N. and {Winans}, A. and 
	{Young}, M.},
    title = "{Simulation of Astronomical Images from Optical Survey Telescopes Using a Comprehensive Photon Monte Carlo Approach}",
  journal = {\apjs},
archivePrefix = "arXiv",
   eprint = {1504.06570},
 primaryClass = "astro-ph.IM",
 keywords = {atmospheric effects, cosmology: observations, Galaxy: structure, instrumentation: detectors, surveys, telescopes},
     year = 2015,
    month = may,
   volume = 218,
      eid = {14},
    pages = {14},
      doi = {10.1088/0067-0049/218/1/14},
   adsurl = {http://adsabs.harvard.edu/abs/2015ApJS..218...14P},
  adsnote = {Provided by the SAO/NASA Astrophysics Data System}
}
@ARTICLE{needs,
   author = {{Newman}, J.~A. and {Abate}, A. and {Abdalla}, F.~B. and {Allam}, S. and 
	{Allen}, S.~W. and {Ansari}, R. and {Bailey}, S. and {Barkhouse}, W.~A. and 
	{Beers}, T.~C. and {Blanton}, M.~R. and {Brodwin}, M. and {Brownstein}, J.~R. and 
	{Brunner}, R.~J. and {Carrasco Kind}, M. and {Cervantes-Cota}, J.~L. and 
	{Cheu}, E. and {Chisari}, N.~E. and {Colless}, M. and {Comparat}, J. and 
	{Coupon}, J. and {Cunha}, C.~E. and {de la Macorra}, A. and 
	{Dell'Antonio}, I.~P. and {Frye}, B.~L. and {Gawiser}, E.~J. and 
	{Gehrels}, N. and {Grady}, K. and {Hagen}, A. and {Hall}, P.~B. and 
	{Hearin}, A.~P. and {Hildebrandt}, H. and {Hirata}, C.~M. and 
	{Ho}, S. and {Honscheid}, K. and {Huterer}, D. and {Ivezi{\'c}}, {\v Z}. and 
	{Kneib}, J.-P. and {Kruk}, J.~W. and {Lahav}, O. and {Mandelbaum}, R. and 
	{Marshall}, J.~L. and {Matthews}, D.~J. and {M{\'e}nard}, B. and 
	{Miquel}, R. and {Moniez}, M. and {Moos}, H.~W. and {Moustakas}, J. and 
	{Myers}, A.~D. and {Papovich}, C. and {Peacock}, J.~A. and {Park}, C. and 
	{Rahman}, M. and {Rhodes}, J. and {Ricol}, J.-S. and {Sadeh}, I. and 
	{Slozar}, A. and {Schmidt}, S.~J. and {Stern}, D.~K. and {Anthony Tyson}, J. and 
	{von der Linden}, A. and {Wechsler}, R.~H. and {Wood-Vasey}, W.~M. and 
	{Zentner}, A.~R.},
    title = "{Spectroscopic needs for imaging dark energy experiments}",
  journal = {Astroparticle Physics},
     year = 2015,
    month = mar,
   volume = 63,
    pages = {81-100},
      doi = {10.1016/j.astropartphys.2014.06.007},
   adsurl = {http://adsabs.harvard.edu/abs/2015APh....63...81N},
  adsnote = {Provided by the SAO/NASA Astrophysics Data System}
}


@article{ScienceBook,
   author = {{LSST Science Collaboration} and {Abell}, P.~A. and {Allison}, J. and 
	{Anderson}, S.~F. and {Andrew}, J.~R. and {Angel}, J.~R.~P. and 
	{Armus}, L. and {Arnett}, D. and {Asztalos}, S.~J. and {Axelrod}, T.~S. and et al.},
    title = "{LSST Science Book, Version 2.0}",
  journal = {LSST Science Book, ArXiv:0912.0201},
archivePrefix = "arXiv",
   eprint = {0912.0201},
 primaryClass = "astro-ph.IM",
 keywords = {Astrophysics - Instrumentation and Methods for Astrophysics, Astrophysics - Cosmology and Extragalactic Astrophysics, Astrophysics - Earth and Planetary Astrophysics, Astrophysics - Galaxy Astrophysics, Astrophysics - Solar and Stellar Astrophysics},
     year = 2009,
    month = dec,
   adsurl = {http://adsabs.harvard.edu/abs/2009arXiv0912.0201L},
  adsnote = {Provided by the SAO/NASA Astrophysics Data System}
}

@ARTICLE{spectestbed,
   author = {{Matthews}, D.~J. and {Newman}, J.~A. and {Coil}, A.~L. and 
	{Cooper}, M.~C. and {Gwyn}, S.~D.~J.},
    title = "{Extended Photometry for the DEEP2 Galaxy Redshift Survey: A Testbed for Photometric Redshift Experiments}",
  journal = {\apjs},
archivePrefix = "arXiv",
   eprint = {1210.2405},
 primaryClass = "astro-ph.CO",
 keywords = {astrometry, catalogs, galaxies: distances and redshifts, galaxies: photometry, surveys, techniques: photometric },
     year = 2013,
    month = feb,
   volume = 204,
      eid = {21},
    pages = {21},
      doi = {10.1088/0067-0049/204/2/21},
   adsurl = {http://adsabs.harvard.edu/abs/2013ApJS..204...21M},
  adsnote = {Provided by the SAO/NASA Astrophysics Data System}
}




@ARTICLE{HeitmannEtal2015,
   author = {{Heitmann}, K. and {Bingham}, D. and {Lawrence}, E. and {Bergner}, S. and 
	{Habib}, S. and {Higdon}, D. and {Pope}, A. and {Biswas}, R. and 
	{Finkel}, H. and {Frontiere}, N. and {Bhattacharya}, S.},
    title = "{The Mira-Titan Universe: Precision Predictions for Dark Energy Surveys}",
  journal = {ArXiv e-prints, ArXiv:1508.02654},
archivePrefix = "arXiv",
   eprint = {1508.02654},
 keywords = {Astrophysics - Cosmology and Nongalactic Astrophysics},
     year = 2015,
    month = aug,
   adsurl = {http://adsabs.harvard.edu/abs/2015arXiv150802654H},
  adsnote = {Provided by the SAO/NASA Astrophysics Data System}
}

@ARTICLE{SuyuEtal2014,
   author = {{Suyu}, S.~H. and {Treu}, T. and {Hilbert}, S. and {Sonnenfeld}, A. and
	{Auger}, M.~W. and {Blandford}, R.~D. and {Collett}, T. and
	{Courbin}, F. and {Fassnacht}, C.~D. and {Koopmans}, L.~V.~E. and
	{Marshall}, P.~J. and {Meylan}, G. and {Spiniello}, C. and {Tewes}, M.
	},
    title = "{Cosmology from Gravitational Lens Time Delays and Planck Data}",
  journal = {\apjl},
archivePrefix = "arXiv",
   eprint = {1306.4732},
 keywords = {distance scale, galaxies: individual: RXJ1131-1231, gravitational lensing: strong, methods: data analysis},
     year = 2014,
    month = jun,
   volume = 788,
      eid = {L35},
    pages = {L35},
      doi = {10.1088/2041-8205/788/2/L35},
   adsurl = {http://adsabs.harvard.edu/abs/2014ApJ...788L..35S},
  adsnote = {Provided by the SAO/NASA Astrophysics Data System}
}

@ARTICLE{SuyuEtal2010,
   author = {{Suyu}, S.~H. and {Marshall}, P.~J. and {Auger}, M.~W. and {Hilbert}, S. and
	{Blandford}, R.~D. and {Koopmans}, L.~V.~E. and {Fassnacht}, C.~D. and
	{Treu}, T.},
    title = "{Dissecting the Gravitational lens B1608+656. II. Precision Measurements of the Hubble Constant, Spatial Curvature, and the Dark Energy Equation of State}",
  journal = {\apj},
archivePrefix = "arXiv",
   eprint = {0910.2773},
 primaryClass = "astro-ph.CO",
 keywords = {cosmology: observations, distance scale, galaxies: individual: B1608+656, gravitational lensing: strong, methods: data analysis},
     year = 2010,
    month = mar,
   volume = 711,
    pages = {201-221},
      doi = {10.1088/0004-637X/711/1/201},
   adsurl = {http://adsabs.harvard.edu/abs/2010ApJ...711..201S},
  adsnote = {Provided by the SAO/NASA Astrophysics Data System}
}

@ARTICLE{CollettAndAuger2014,
   author = {{Collett}, T.~E. and {Auger}, M.~W.},
    title = "{Cosmological constraints from the double source plane lens SDSSJ0946+1006}",
  journal = {\mnras},
archivePrefix = "arXiv",
   eprint = {1403.5278},
 keywords = {gravitational lensing: strong, cosmological parameters},
     year = 2014,
    month = sep,
   volume = 443,
    pages = {969-976},
      doi = {10.1093/mnras/stu1190},
   adsurl = {http://adsabs.harvard.edu/abs/2014MNRAS.443..969C},
  adsnote = {Provided by the SAO/NASA Astrophysics Data System}
}
@INPROCEEDINGS{sims_paper,
   author = {{Connolly}, A.~J. and {Peterson}, J. and {Jernigan}, J.~G. and 
    {Abel}, R. and {Bankert}, J. and {Chang}, C. and {Claver}, C.~F. and 
    {Gibson}, R. and {Gilmore}, D.~K. and {Grace}, E. and {Jones}, R.~L. and 
    {Ivezic}, Z. and {Jee}, J. and {Juric}, M. and {Kahn}, S.~M. and 
    {Krabbendam}, V.~L. and {Krughoff}, S. and {Lorenz}, S. and 
    {Pizagno}, J. and {Rasmussen}, A. and {Todd}, N. and {Tyson}, J.~A. and 
    {Young}, M.},
    title = "{Simulating the LSST system}",
booktitle = {Society of Photo-Optical Instrumentation Engineers (SPIE) Conference Series},
     year = 2010,
   series = {Society of Photo-Optical Instrumentation Engineers (SPIE) Conference Series},
   volume = 7738,
    month = jul,
      eid = {77381O},
      doi = {10.1117/12.857819},
   adsurl = {http://adsabs.harvard.edu/abs/2010SPIE.7738E..53C},
  adsnote = {Provided by the SAO/NASA Astrophysics Data System}
}
@article{juric08,
  author={Mario Juri\'{c} and \v{Z}eljko Ivezi\'c and Alyson Brooks and Robert H. Lupton and David Schlegel and
Douglas Finkbeiner and Nikhil
Padmanabhan and Nicholas Bond and Branimir Sesar and Constance M. Rockosi and Gillian R. Knapp and James E.
Gunn and Takahiro Sumi and Donald P. Schneider and J. C. Barentine and Howard J. Brewington and J. Brinkmann
and Masataka
Fukugita and Michael Harvanek and S. J. Kleinman and Jurek Krzesinski and Dan Long and Eric H. Neilsen, Jr.
and Atsuko
Nitta and Stephanie A. Snedden and Donald G. York},
  title={The Milky Way Tomography with SDSS. I. Stellar Number Density Distribution},
  journal={The Astrophysical Journal},
  volume={673},
  number={2},
  pages={864},
  year={2008}
  }
@ARTICLE{grav11,
   author = {{Grav}, T. and {Jedicke}, R. and {Denneau}, L. and {Chesley}, S. and 
    {Holman}, M.~J. and {Spahr}, T.~B.},
    title = "{The Pan-STARRS Synthetic Solar System Model: A Tool for Testing and Efficiency Determination of
the Moving Object Processing System}",
  journal = {Publications of the Astronomical Society of the Pacific},
 keywords = {Solar System},
     year = 2011,
    month = apr,
   volume = 123,
    pages = {423-447},
      doi = {10.1086/659833},
   adsurl = {http://adsabs.harvard.edu/abs/2011PASP..123..423G},
  adsnote = {Provided by the SAO/NASA Astrophysics Data System}
}
@ARTICLE{Masters2015,
   author = {{Masters}, D. and {Capak}, P. and {Stern}, D. and {Ilbert}, O. and 
	{Salvato}, M. and {Schmidt}, S. and {Longo}, G. and {Rhodes}, J. and 
	{Paltani}, S. and {Mobasher}, B. and {Hoekstra}, H. and {Hildebrandt}, H. and 
	{Coupon}, J. and {Steinhardt}, C. and {Speagle}, J. and {Faisst}, A. and 
	{Kalinich}, A. and {Brodwin}, M. and {Brescia}, M. and {Cavuoti}, S.
	},
    title = "{Mapping the Galaxy Color-Redshift Relation: Optimal Photometric Redshift Calibration Strategies for Cosmology Surveys}",
  journal = {ArXiv e-prints, ArXiv:1509.03318},
archivePrefix = "arXiv",
   eprint = {1509.03318},
 keywords = {Astrophysics - Cosmology and Nongalactic Astrophysics, Astrophysics - Astrophysics of Galaxies},
     year = 2015,
    month = sep,
   adsurl = {http://adsabs.harvard.edu/abs/2015arXiv150903318M},
  adsnote = {Provided by the SAO/NASA Astrophysics Data System}
}

@ARTICLE{2015arXiv150705603J,
   author = {{Jarvis}, M. and {Sheldon}, E. and {Zuntz}, J. and {Kacprzak}, T. and 
	{Bridle}, S.~L. and {Amara}, A. and {Armstrong}, R. and {Becker}, M.~R. and 
	{Bernstein}, G.~M. and {Bonnett}, C. and {Chang}, C. and {Das}, R. and 
	{Dietrich}, J.~P. and {Drlica-Wagner}, A. and {Eifler}, T.~F. and 
	{Gangkofner}, C. and {Gruen}, D. and {Hirsch}, M. and {Huff}, E.~M. and 
	{Jain}, B. and {Kent}, S. and {Kirk}, D. and {MacCrann}, N. and 
	{Melchior}, P. and {Plazas}, A.~A. and {Refregier}, A. and {Rowe}, B. and 
	{Rykoff}, E.~S. and {Samuroff}, S. and {S{\'a}nchez}, C. and 
	{Suchyta}, E. and {Troxel}, M.~A. and {Vikram}, V. and {Abbott}, T. and 
	{Abdalla}, F.~B. and {Allam}, S. and {Annis}, J. and {Benoit-L{\'e}vy}, A. and 
	{Bertin}, E. and {Brooks}, D. and {Buckley-Geer}, E. and {Burke}, D.~L. and 
	{Capozzi}, D. and {Carnero Rosell}, A. and {Carrasco Kind}, M. and 
	{Carretero}, J. and {Castander}, F.~J. and {Crocce}, M. and 
	{Cunha}, C.~E. and {D'Andrea}, C.~B. and {da Costa}, L.~N. and 
	{DePoy}, D.~L. and {Desai}, S. and {Diehl}, H.~T. and {Doel}, P. and 
	{Fausti Neto}, A. and {Flaugher}, B. and {Fosalba}, P. and {Frieman}, J. and 
	{Gaztanaga}, E. and {Gerdes}, D.~W. and {Gruendl}, R.~A. and 
	{Gutierrez}, G. and {Honscheid}, K. and {James}, D.~J. and {Kuehn}, K. and 
	{Kuropatkin}, N. and {Lahav}, O. and {Li}, T.~S. and {Lima}, M. and 
	{March}, M. and {Martini}, P. and {Miquel}, R. and {Mohr}, J.~J. and 
	{Neilsen}, E. and {Nord}, B. and {Ogando}, R. and {Reil}, K. and 
	{Romer}, A.~K. and {Roodman}, A. and {Sako}, M. and {Sanchez}, E. and 
	{Scarpine}, V. and {Schubnell}, M. and {Sevilla-Noarbe}, I. and 
	{Smith}, R.~C. and {Soares-Santos}, M. and {Sobreira}, F. and 
	{Swanson}, M.~E.~C. and {Tarle}, G. and {Thaler}, J. and {Thomas}, D. and 
	{Walker}, A.~R. and {Wechsler}, R.~H.},
    title = "{The DES Science Verification Weak Lensing Shear Catalogs}",
  journal = {arXiv:1507.05603},
archivePrefix = "arXiv",
   eprint = {1507.05603},
 primaryClass = "astro-ph.IM",
 keywords = {Astrophysics - Instrumentation and Methods for Astrophysics, Astrophysics - Cosmology and Nongalactic Astrophysics},
     year = 2015,
    month = jul,
   adsurl = {http://adsabs.harvard.edu/abs/2015arXiv150705603J},
  adsnote = {Provided by the SAO/NASA Astrophysics Data System}
}

@ARTICLE{2015arXiv150705598B,
   author = {{Becker}, M.~R. and {Troxel}, M.~A. and {MacCrann}, N. and {Krause}, E. and 
	{Eifler}, T.~F. and {Friedrich}, O. and {Nicola}, A. and {Refregier}, A. and 
	{Amara}, A. and {Bacon}, D. and {Bernstein}, G.~M. and {Bonnett}, C. and 
	{Bridle}, S.~L. and {Busha}, M.~T. and {Chang}, C. and {Dodelson}, S. and 
	{Erickson}, B. and {Evrard}, A.~E. and {Frieman}, J. and {Gaztanaga}, E. and 
	{Gruen}, D. and {Hartley}, W. and {Jain}, B. and {Jarvis}, M. and 
	{Kacprzak}, T. and {Kirk}, D. and {Kravtsov}, A. and {Leistedt}, B. and 
	{Rykoff}, E.~S. and {Sabiu}, C. and {Sanchez}, C. and {Seo}, H. and 
	{Sheldon}, E. and {Wechsler}, R.~H. and {Zuntz}, J. and {Abbott}, T. and 
	{Abdalla}, F.~B. and {Allam}, S. and {Armstrong}, R. and {Banerji}, M. and 
	{Bauer}, A.~H. and {Benoit-Levy}, A. and {Bertin}, E. and {Brooks}, D. and 
	{Buckley-Geer}, E. and {Burke}, D.~L. and {Capozzi}, D. and 
	{Carnero Rosell}, A. and {Carrasco Kind}, M. and {Carretero}, J. and 
	{Castander}, F.~J. and {Crocce}, M. and {Cunha}, C.~E. and {D'Andrea}, C.~B. and 
	{da Costa}, L.~N. and {DePoy}, D.~L. and {Desai}, S. and {Diehl}, H.~T. and 
	{Dietrich}, J.~P. and {Doel}, P. and {Fausti Neto}, A. and {Fernandez}, E. and 
	{Finley}, D.~A. and {Flaugher}, B. and {Fosalba}, P. and {Gerdes}, D.~W. and 
	{Gruendl}, R.~A. and {Gutierrez}, G. and {Honscheid}, K. and 
	{James}, D.~J. and {Kuehn}, K. and {Kuropatkin}, N. and {Lahav}, O. and 
	{Li}, T.~S. and {Lima}, M. and {Maia}, M.~A.~G. and {March}, M. and 
	{Martini}, P. and {Melchior}, P. and {Miller}, C.~J. and {Miquel}, R. and 
	{Mohr}, J.~J. and {Nichol}, R.~C. and {Nord}, B. and {Ogando}, R. and 
	{Plazas}, A.~A. and {Reil}, K. and {Romer}, A.~K. and {Roodman}, A. and 
	{Sako}, M. and {Sanchez}, E. and {Scarpine}, V. and {Schubnell}, M. and 
	{Sevilla-Noarbe}, I. and {Smith}, R.~C. and {Soares-Santos}, M. and 
	{Sobreira}, F. and {Suchyta}, E. and {Swanson}, M.~E.~C. and 
	{Tarle}, G. and {Thaler}, J. and {Thomas}, D. and {Vikram}, V. and 
	{Walker}, A.~R. and {The DES Collaboration}},
    title = "{Cosmic Shear Measurements with DES Science Verification Data}",
  journal = {arXiv:1507.05598},
archivePrefix = "arXiv",
   eprint = {1507.05598},
 keywords = {Astrophysics - Cosmology and Nongalactic Astrophysics},
     year = 2015,
    month = jul,
   adsurl = {http://adsabs.harvard.edu/abs/2015arXiv150705598B},
  adsnote = {Provided by the SAO/NASA Astrophysics Data System}
}

@ARTICLE{2015MNRAS.449..685H,
   author = {{Hoekstra}, H. and {Herbonnet}, R. and {Muzzin}, A. and {Babul}, A. and 
        {Mahdavi}, A. and {Viola}, M. and {Cacciato}, M.},
    title = "{The Canadian Cluster Comparison Project: detailed study of systematics and updated weak lensing masses}",
  journal = {\mnras},
archivePrefix = "arXiv",
   eprint = {1502.01883},
 keywords = {cosmology: observations, dark matter},
     year = 2015,
    month = may,
   volume = 449,
    pages = {685-714},
      doi = {10.1093/mnras/stv275},
   adsurl = {http://adsabs.harvard.edu/abs/2015MNRAS.449..685H},
  adsnote = {Provided by the SAO/NASA Astrophysics Data System}
}

@ARTICLE{2008arXiv0805.2366I,
   author = {{Ivezic}, Z. and {Tyson}, J.~A. and {Abel}, B. and {Acosta}, E. and 
	{Allsman}, R. and {AlSayyad}, Y. and {Anderson}, S.~F. and {Andrew}, J. and 
	{Angel}, R. and {Angeli}, G. and {Ansari}, R. and {Antilogus}, P. and 
	{Arndt}, K.~T. and {Astier}, P. and {Aubourg}, E. and {Axelrod}, T. and 
	{Bard}, D.~J. and {Barr}, J.~D. and {Barrau}, A. and {Bartlett}, J.~G. and 
	{Bauman}, B.~J. and {Beaumont}, S. and {Becker}, A.~C. and {Becla}, J. and 
	{Beldica}, C. and {Bellavia}, S. and {Blanc}, G. and {Blandford}, R.~D. and 
	{Bloom}, J.~S. and {Bogart}, J. and {Borne}, K. and {Bosch}, J.~F. and 
	{Boutigny}, D. and {Brandt}, W.~N. and {Brown}, M.~E. and {Bullock}, J.~S. and 
	{Burchat}, P. and {Burke}, D.~L. and {Cagnoli}, G. and {Calabrese}, D. and 
	{Chandrasekharan}, S. and {Chesley}, S. and {Cheu}, E.~C. and 
	{Chiang}, J. and {Claver}, C.~F. and {Connolly}, A.~J. and {Cook}, K.~H. and 
	{Cooray}, A. and {Covey}, K.~R. and {Cribbs}, C. and {Cui}, W. and 
	{Cutri}, R. and {Daubard}, G. and {Daues}, G. and {Delgado}, F. and 
	{Digel}, S. and {Doherty}, P. and {Dubois}, R. and {Dubois-Felsmann}, G.~P. and 
	{Durech}, J. and {Eracleous}, M. and {Ferguson}, H. and {Frank}, J. and 
	{Freemon}, M. and {Gangler}, E. and {Gawiser}, E. and {Geary}, J.~C. and 
	{Gee}, P. and {Geha}, M. and {Gibson}, R.~R. and {Gilmore}, D.~K. and 
	{Glanzman}, T. and {Goodenow}, I. and {Gressler}, W.~J. and 
	{Gris}, P. and {Guyonnet}, A. and {Hascall}, P.~A. and {Haupt}, J. and 
	{Hernandez}, F. and {Hogan}, C. and {Huang}, D. and {Huffer}, M.~E. and 
	{Innes}, W.~R. and {Jacoby}, S.~H. and {Jain}, B. and {Jee}, J. and 
	{Jernigan}, J.~G. and {Jevremovic}, D. and {Johns}, K. and {Jones}, R.~L. and 
	{Juramy-Gilles}, C. and {Juric}, M. and {Kahn}, S.~M. and {Kalirai}, J.~S. and 
	{Kallivayalil}, N. and {Kalmbach}, B. and {Kantor}, J.~P. and 
	{Kasliwal}, M.~M. and {Kessler}, R. and {Kirkby}, D. and {Knox}, L. and 
	{Kotov}, I. and {Krabbendam}, V.~L. and {Krughoff}, S. and {Kubanek}, P. and 
	{Kuczewski}, J. and {Kulkarni}, S. and {Lambert}, R. and {Le Guillou}, L. and 
	{Levine}, D. and {Liang}, M. and {Lim}, K. and {Lintott}, C. and 
	{Lupton}, R.~H. and {Mahabal}, A. and {Marshall}, P. and {Marshall}, S. and 
	{May}, M. and {McKercher}, R. and {Migliore}, M. and {Miller}, M. and 
	{Mills}, D.~J. and {Monet}, D.~G. and {Moniez}, M. and {Neill}, D.~R. and 
	{Nief}, J. and {Nomerotski}, A. and {Nordby}, M. and {O'Connor}, P. and 
	{Oliver}, J. and {Olivier}, S.~S. and {Olsen}, K. and {Ortiz}, S. and 
	{Owen}, R.~E. and {Pain}, R. and {Peterson}, J.~R. and {Petry}, C.~E. and 
	{Pierfederici}, F. and {Pietrowicz}, S. and {Pike}, R. and {Pinto}, P.~A. and 
	{Plante}, R. and {Plate}, S. and {Price}, P.~A. and {Prouza}, M. and 
	{Radeka}, V. and {Rajagopal}, J. and {Rasmussen}, A. and {Regnault}, N. and 
	{Ridgway}, S.~T. and {Ritz}, S. and {Rosing}, W. and {Roucelle}, C. and 
	{Rumore}, M.~R. and {Russo}, S. and {Saha}, A. and {Sassolas}, B. and 
	{Schalk}, T.~L. and {Schindler}, R.~H. and {Schneider}, D.~P. and 
	{Schumacher}, G. and {Sebag}, J. and {Sembroski}, G.~H. and 
	{Seppala}, L.~G. and {Shipsey}, I. and {Silvestri}, N. and {Smith}, J.~A. and 
	{Smith}, R.~C. and {Strauss}, M.~A. and {Stubbs}, C.~W. and 
	{Sweeney}, D. and {Szalay}, A. and {Takacs}, P. and {Thaler}, J.~J. and 
	{Van Berg}, R. and {Vanden Berk}, D. and {Vetter}, K. and {Virieux}, F. and 
	{Xin}, B. and {Walkowicz}, L. and {Walter}, C.~W. and {Wang}, D.~L. and 
	{Warner}, M. and {Willman}, B. and {Wittman}, D. and {Wolff}, S.~C. and 
	{Wood-Vasey}, W.~M. and {Yoachim}, P. and {Zhan}, H. and {for the LSST Collaboration}
	},
    title = "{LSST: from Science Drivers to Reference Design and Anticipated Data Products}",
  journal = {ArXiv e-prints},
archivePrefix = "arXiv",
   eprint = {0805.2366},
 keywords = {Astrophysics},
     year = 2008,
    month = may,
   adsurl = {http://adsabs.harvard.edu/abs/2008arXiv0805.2366I},
  adsnote = {Provided by the SAO/NASA Astrophysics Data System}
}

@ARTICLE{Kessler10,
   author = {{Kessler}, R. and {Bassett}, B. and {Belov}, P. and {Bhatnagar}, V. and 
    {Campbell}, H. and {Conley}, A. and {Frieman}, J.~A. and {Glazov}, A. and 
    {Gonz{\'a}lez-Gait{\'a}n}, S. and {Hlozek}, R. and {Jha}, S. and 
    {Kuhlmann}, S. and {Kunz}, M. and {Lampeitl}, H. and {Mahabal}, A. and 
    {Newling}, J. and {Nichol}, R.~C. and {Parkinson}, D. and {Philip}, N.~S. and 
    {Poznanski}, D. and {Richards}, J.~W. and {Rodney}, S.~A. and 
    {Sako}, M. and {Schneider}, D.~P. and {Smith}, M. and {Stritzinger}, M. and 
    {Varughese}, M.},
    title = "{Results from the Supernova Photometric Classification Challenge}",
  journal = {\pasp},
archivePrefix = "arXiv",
   eprint = {1008.1024},
 primaryClass = "astro-ph.CO",
 keywords = {Supernovae},
     year = 2010,
    month = dec,
   volume = 122,
    pages = {1415-1431},
      doi = {10.1086/657607},
   adsurl = {http://adsabs.harvard.edu/abs/2010PASP..122.1415K},
  adsnote = {Provided by the SAO/NASA Astrophysics Data System}
}


