@ARTICLE{GREAT3,
   author = {{Mandelbaum}, R. and {Rowe}, B. and {Armstrong}, R. and {Bard}, D. and
        {Bertin}, E. and {Bosch}, J. and {Boutigny}, D. and {Courbin}, F. and
        {Dawson}, W.~A. and {Donnarumma}, A. and {Fenech Conti}, I. and
        {Gavazzi}, R. and {Gentile}, M. and {Gill}, M.~S.~S. and {Hogg}, D.~W. and
        {Huff}, E.~M. and {Jee}, M.~J. and {Kacprzak}, T. and {Kilbinger}, M. and
        {Kuntzer}, T. and {Lang}, D. and {Luo}, W. and {March}, M.~C. and
        {Marshall}, P.~J. and {Meyers}, J.~E. and {Miller}, L. and {Miyatake}, H. and
        {Nakajima}, R. and {Ngol{\'e} Mboula}, F.~M. and {Nurbaeva}, G. and
        {Okura}, Y. and {Paulin-Henriksson}, S. and {Rhodes}, J. and
        {Schneider}, M.~D. and {Shan}, H. and {Sheldon}, E.~S. and {Simet}, M. and
        {Starck}, J.-L. and {Sureau}, F. and {Tewes}, M. and {Zarb Adami}, K. and
        {Zhang}, J. and {Zuntz}, J.},
    title = "{GREAT3 results - I. Systematic errors in shear estimation and the impact of real galaxy morphology}",
  journal = {\mnras},
archivePrefix = "arXiv",
   eprint = {1412.1825},
 keywords = {gravitational lensing: weak, methods: data analysis, techniques: image processing, cosmology: observations},
     year = 2015,
    month = jul,
   volume = 450,
    pages = {2963-3007},
      doi = {10.1093/mnras/stv781},
   adsurl = {http://adsabs.harvard.edu/abs/2015MNRAS.450.2963M},
  adsnote = {Provided by the SAO/NASA Astrophysics Data System}
}

@ARTICLE{TDC1,
   author = {{Liao}, K. and {Treu}, T. and {Marshall}, P. and {Fassnacht}, C.~D. and
        {Rumbaugh}, N. and {Dobler}, G. and {Aghamousa}, A. and {Bonvin}, V. and
        {Courbin}, F. and {Hojjati}, A. and {Jackson}, N. and {Kashyap}, V. and
        {Rathna Kumar}, S. and {Linder}, E. and {Mandel}, K. and {Meng}, X.-L. and
        {Meylan}, G. and {Moustakas}, L.~A. and {Prabhu}, T.~P. and
        {Romero-Wolf}, A. and {Shafieloo}, A. and {Siemiginowska}, A. and
        {Stalin}, C.~S. and {Tak}, H. and {Tewes}, M. and {van Dyk}, D.
        },
    title = "{Strong Lens Time Delay Challenge. II. Results of TDC1}",
  journal = {\apj},
archivePrefix = "arXiv",
   eprint = {1409.1254},
 primaryClass = "astro-ph.IM",
 keywords = {gravitational lensing: strong, methods: data analysis },
     year = 2015,
    month = feb,
   volume = 800,
      eid = {11},
    pages = {11},
      doi = {10.1088/0004-637X/800/1/11},
   adsurl = {http://adsabs.harvard.edu/abs/2015ApJ...800...11L},
  adsnote = {Provided by the SAO/NASA Astrophysics Data System}
}
